@article{LuZhouHolstMcCammon2008,
	Author = {B. Z. Lu and Y. C. Zhou and M. J. Holst and J. A. Mc{C}ammon},
	Date-Added = {2013-04-30 18:45:13 +0000},
	Date-Modified = {2015-05-11 02:32:07 +0000},
	Journal = {Communications in Computational Physics},
	Number = {5},
	Pages = {973--1009},
	Title = {Recent progress in numerical methods for the Poisson-Boltzmann equation in biophysical applications},
	Volume = {3},
	Year = {2008}}

@article{LeeGengZhao2021,
  title={Regularization methods for the Poisson-Boltzmann equation: comparison and accuracy recovery},
  author={Lee, Arum and Geng, Weihua and Zhao, Shan},
  journal={Journal of Computational Physics},
  volume={426},
  pages={109958},
  year={2021},
  publisher={Elsevier}
}

@article{ZauharMorgan1985,
  title={A new method for computing the macromolecular electric potential},
  author={Zauhar, RJ and Morgan, RS},
  journal={Journal of molecular biology},
  volume={186},
  number={4},
  pages={815--820},
  year={1985},
  publisher={Elsevier}
}

@article{Shaw1985,
	Author = {P. B. Shaw},
	Date-Added = {2010-08-19 12:30:39 -0400},
	Date-Modified = {2010-08-29 21:18:28 -0400},
	Journal = {Phys.\ Rev.\ A},
	Keywords = {electrostatics},
	Number = {4},
	Pages = {2476--2487},
	Title = {Theory of the {Poisson Green's}-function for discontinuous dielectric media with an application to protein biophysics},
	Volume = {32},
	Year = {1985}}

@article{LuETal2006,
	Author = {Lu, B. and Cheng, X. and Huang, J. and McCammon, J. A.},
	Date-Added = {2009-10-24 16:22:23 +0100},
	Date-Modified = {2010-08-30 13:38:46 -0400},
	Doi = {10.1073/pnas.0605166103},
	Journal = {P.\ Natl.\ Acad.\ Sci. USA},
	Keywords = {electrostatics},
	Number = {51},
	Pages = {19314--19319},
	Title = {Order {$N$} algorithm for computation of electrostatic interactions in biomolecular systems},
	Volume = {103},
	Year = {2006},
	Bdsk-Url-1 = {http://dx.doi.org/10.1073/pnas.0605166103}}

@article{GengKrasny2013,
	Author = {W. H. Geng and R. Krasny},
	Date-Added = {2013-08-06 20:37:40 +0000},
	Date-Modified = {2015-06-07 18:08:29 +0000},
	Journal = {J. Comput.\ Phys.},
	Pages = {62--78},
	Title = {A treecode-accelerated boundary integral {Poisson-Boltzmann} solver for solvated biomolecules},
	Volume = {247},
	Year = {2013}}

@article{CooperBardhanBarba2014,
	Author = {Cooper, Christopher D. and Bardhan, Jaydeep P. and Barba, L.~A.},
	Date-Added = {2013-12-04 20:15:44 +0000},
	Date-Modified = {2015-05-03 23:44:12 +0000},
	Doi = {10.1016/j.cpc.2013.10.028},
	Journal = {Comput. Phys. Commun.},
	Keywords = {pygbe, Poisson-Boltzmann, BEM, barbagroup},
	Month = {March},
	%Note = {Preprint on \href{http://arxiv.org/abs/1309.4018}{arXiv:/1309.4018}},
	Number = {3},
	Pages = {720--729},
	Title = {A biomolecular electrostatics solver using {Python}, {GPU}s and boundary elements that can handle solvent-filled cavities and {S}tern layers.},
	Volume = {185},
	Year = {2014},
	Bdsk-Url-1 = {http://dx.doi.org/10.1016/j.cpc.2013.10.028}}

@article{cooper2016pygbe,
  title={PyGBe: Python, GPUs and Boundary elements for biomolecular electrostatics.},
  author={Cooper, Christopher D and Clementi, Natalia C and Forsyth, Gilbert and Barba, Lorena A},
  journal={J. Open Source Softw.},
  volume={1},
  number={4},
  pages={43},
  year={2016}
}

@article{search2022towards,
  title={Towards optimal boundary integral formulations of the Poisson-Boltzmann equation for molecular electrostatics.},
  author={Cooper, Christopher D and Van't Wout, Elwin and others},
  journal={Journal of Computational Chemistry},
  year={2022}
}

@article{YoonLenhoff1990,
	Author = {B J. Yoon and A. M. Lenhoff},
	Date-Added = {2012-05-07 20:47:54 +0000},
	Date-Modified = {2012-10-26 01:18:14 +0000},
	Journal = {J. Comput.\ Chem.},
	Number = {9},
	Pages = {1080--1086},
	Title = {A boundary element method for molecular electrostatics with electrolyte effects},
	Volume = {11},
	Year = {1990}}

@article{LuETal2009,
	Author = {Lu, Benzhuo and Cheng, Xiaolin and Huang, Jingfang and McCammon, J. Andrew},
	Date-Added = {2010-08-29 23:55:04 -0400},
	Date-Modified = {2011-02-04 20:17:36 -0500},
	Doi = {10.1021/ct900083k},
	Eprint = {http://pubs.acs.org/doi/pdf/10.1021/ct900083k},
	Journal = {J. Chem.\ Theory Comput.},
	Number = {6},
	Pages = {1692--1699},
	Title = {An Adaptive Fast Multipole Boundary Element Method for Poissonâˆ’Boltzmann Electrostatics},
	Url = {http://pubs.acs.org/doi/abs/10.1021/ct900083k},
	Volume = {5},
	Year = {2009},
	Bdsk-Url-1 = {http://pubs.acs.org/doi/abs/10.1021/ct900083k},
	Bdsk-Url-2 = {http://dx.doi.org/10.1021/ct900083k}}

@article{debuhr2016dashmm,
  title={Dashmm: Dynamic adaptive system for hierarchical multipole methods},
  author={DeBuhr, J and Zhang, B and Tsueda, A and Tilstra-Smith, V and Sterling, T},
  journal={Communications in Computational Physics},
  volume={20},
  number={4},
  pages={1106--1126},
  year={2016},
  publisher={Cambridge University Press}
}

@article{MartinezETal2019,
  title={Free Energies of the Disassembly of Viral Capsids from a Multiscale Molecular Simulation Approach},
  author={Mart{\'\i}nez, Mat{\'\i}as and Cooper, Christopher D and Poma, Adolfo B and Guzman, Horacio V},
  journal={Journal of Chemical Information and Modeling},
  volume={60},
  number={2},
  pages={974--981},
  year={2019},
  publisher={ACS Publications}
}

@article{AltmanBardhanWhiteTidor09,
	Author = {M. D. Altman and J. P. Bardhan and J. K. White and B. Tidor},
	Date-Modified = {2010-08-29 21:15:03 -0400},
	Journal = {J. Comput. Chem.},
	Keywords = {electrostatics},
	Pages = {132--153},
	Title = {Accurate Solution of Multi-region Continuum Electrostatic Problems Using the Linearized {Poisson}--{Boltzmann} Equation and Curved Boundary Elements},
	Volume = {30},
	Year = {2009}}

@article{wang2021high,
  title={High-productivity, high-performance workflow for virus-scale electrostatic simulations with Bempp-Exafmm},
  author={Wang, Tingyu and Cooper, Christopher D and Betcke, Timo and Barba, Lorena A},
  journal={arXiv preprint arXiv:2103.01048},
  year={2021}
}
